<?xml version="1.0" encoding="UTF-8"?><collection xmlns="http://www.loc.gov/MARC21/slim"><record><leader>00498nam--2200181-u-4500</leader><controlfield tag="001">000056770</controlfield><controlfield tag="002">20190703</controlfield><controlfield tag="005">20190703044720</controlfield><controlfield tag="008">190703s1000------------r-----000-0-rum-d</controlfield><datafield ind1=" " ind2=" " tag="040"><subfield code="a">IFIN-HH</subfield></datafield><datafield ind1=" " ind2=" " tag="041"><subfield code="a">rum</subfield></datafield><datafield ind1="1" ind2=" " tag="100"><subfield code="a">Bela, Janko</subfield></datafield><datafield ind1="1" ind2="0" tag="245"><subfield code="a">Rezolvarea numerica a sistemelor de ecuatii liniare</subfield><subfield code="c">Janko Bela</subfield></datafield><datafield ind1=" " ind2=" " tag="260"><subfield code="a">Bucuresti</subfield><subfield code="b">Editura Academiei Republicii Populare Romine</subfield><subfield code="c">1961</subfield></datafield><datafield ind1=" " ind2=" " tag="300"><subfield code="a">222 p</subfield></datafield><datafield ind1=" " ind2=" " tag="500"><subfield code="a">Donatie Brancus</subfield></datafield><datafield ind1=" " ind2=" " tag="852"><subfield code="a">82706</subfield><subfield code="c">512</subfield></datafield><datafield ind1=" " ind2=" " tag="CAT"><subfield code="a">SYS</subfield><subfield code="c">20190703</subfield><subfield code="h">044720</subfield></datafield></record></collection>